%YAML 1.1
%TAG !u! tag:unity3d.com,2011:
--- !u!114 &-8784432373627524219
MonoBehaviour:
  m_ObjectHideFlags: 3
  m_CorrespondingSourceObject: {fileID: 0}
  m_PrefabInstance: {fileID: 0}
  m_PrefabAsset: {fileID: 0}
  m_GameObject: {fileID: 0}
  m_Enabled: 1
  m_EditorHideFlags: 0
  m_Script: {fileID: 11500000, guid: 4bff652df78c97c4f963064ad1f34619, type: 3}
  m_Name: ColorCurves
  m_EditorClassIdentifier: 
  active: 1
  m_AdvancedMode: 0
  master:
    m_OverrideState: 1
    m_Value:
      <length>k__BackingField: 2
      m_Loop: 0
      m_ZeroValue: 0
      m_Range: 1
      m_Curve:
        serializedVersion: 2
        m_Curve:
        - serializedVersion: 3
          time: 0
          value: 0
          inSlope: 0
          outSlope: 1
          tangentMode: 0
          weightedMode: 0
          inWeight: 0
          outWeight: 0
        - serializedVersion: 3
          time: 1
          value: 1
          inSlope: 1
          outSlope: 0
          tangentMode: 0
          weightedMode: 0
          inWeight: 0
          outWeight: 0
        m_PreInfinity: 2
        m_PostInfinity: 2
        m_RotationOrder: 4
  red:
    m_OverrideState: 1
    m_Value:
      <length>k__BackingField: 2
      m_Loop: 0
      m_ZeroValue: 0
      m_Range: 1
      m_Curve:
        serializedVersion: 2
        m_Curve:
        - serializedVersion: 3
          time: 0
          value: 0
          inSlope: 0
          outSlope: 1
          tangentMode: 0
          weightedMode: 0
          inWeight: 0
          outWeight: 0
        - serializedVersion: 3
          time: 1
          value: 1
          inSlope: 1
          outSlope: 0
          tangentMode: 0
          weightedMode: 0
          inWeight: 0
          outWeight: 0
        m_PreInfinity: 2
        m_PostInfinity: 2
        m_RotationOrder: 4
  green:
    m_OverrideState: 0
    m_Value:
      <length>k__BackingField: 2
      m_Loop: 0
      m_ZeroValue: 0
      m_Range: 1
      m_Curve:
        serializedVersion: 2
        m_Curve:
        - serializedVersion: 3
          time: 0
          value: 0
          inSlope: 1
          outSlope: 1
          tangentMode: 0
          weightedMode: 0
          inWeight: 0
          outWeight: 0
        - serializedVersion: 3
          time: 1
          value: 1
          inSlope: 1
          outSlope: 1
          tangentMode: 0
          weightedMode: 0
          inWeight: 0
          outWeight: 0
        m_PreInfinity: 2
        m_PostInfinity: 2
        m_RotationOrder: 4
  blue:
    m_OverrideState: 0
    m_Value:
      <length>k__BackingField: 2
      m_Loop: 0
      m_ZeroValue: 0
      m_Range: 1
      m_Curve:
        serializedVersion: 2
        m_Curve:
        - serializedVersion: 3
          time: 0
          value: 0
          inSlope: 1
          outSlope: 1
          tangentMode: 0
          weightedMode: 0
          inWeight: 0
          outWeight: 0
        - serializedVersion: 3
          time: 1
          value: 1
          inSlope: 1
          outSlope: 1
          tangentMode: 0
          weightedMode: 0
          inWeight: 0
          outWeight: 0
        m_PreInfinity: 2
        m_PostInfinity: 2
        m_RotationOrder: 4
  hueVsHue:
    m_OverrideState: 0
    m_Value:
      <length>k__BackingField: 0
      m_Loop: 1
      m_ZeroValue: 0.5
      m_Range: 1
      m_Curve:
        serializedVersion: 2
        m_Curve: []
        m_PreInfinity: 2
        m_PostInfinity: 2
        m_RotationOrder: 4
  hueVsSat:
    m_OverrideState: 0
    m_Value:
      <length>k__BackingField: 0
      m_Loop: 1
      m_ZeroValue: 0.5
      m_Range: 1
      m_Curve:
        serializedVersion: 2
        m_Curve: []
        m_PreInfinity: 2
        m_PostInfinity: 2
        m_RotationOrder: 4
  satVsSat:
    m_OverrideState: 0
    m_Value:
      <length>k__BackingField: 0
      m_Loop: 0
      m_ZeroValue: 0.5
      m_Range: 1
      m_Curve:
        serializedVersion: 2
        m_Curve: []
        m_PreInfinity: 2
        m_PostInfinity: 2
        m_RotationOrder: 4
  lumVsSat:
    m_OverrideState: 0
    m_Value:
      <length>k__BackingField: 0
      m_Loop: 0
      m_ZeroValue: 0.5
      m_Range: 1
      m_Curve:
        serializedVersion: 2
        m_Curve: []
        m_PreInfinity: 2
        m_PostInfinity: 2
        m_RotationOrder: 4
  m_SelectedCurve: 1
--- !u!114 &-6459008941609878576
MonoBehaviour:
  m_ObjectHideFlags: 3
  m_CorrespondingSourceObject: {fileID: 0}
  m_PrefabInstance: {fileID: 0}
  m_PrefabAsset: {fileID: 0}
  m_GameObject: {fileID: 0}
  m_Enabled: 1
  m_EditorHideFlags: 0
  m_Script: {fileID: 11500000, guid: 5a6b00fcf518bb94a90b408492e07b44, type: 3}
  m_Name: FilmGrain
  m_EditorClassIdentifier: 
  active: 1
  m_AdvancedMode: 0
  type:
    m_OverrideState: 1
    m_Value: 0
  intensity:
    m_OverrideState: 1
    m_Value: 0
    min: 0
    max: 1
  response:
    m_OverrideState: 1
    m_Value: 0
    min: 0
    max: 1
  texture:
    m_OverrideState: 1
    m_Value: {fileID: 0}
--- !u!114 &-1745276830882559552
MonoBehaviour:
  m_ObjectHideFlags: 3
  m_CorrespondingSourceObject: {fileID: 0}
  m_PrefabInstance: {fileID: 0}
  m_PrefabAsset: {fileID: 0}
  m_GameObject: {fileID: 0}
  m_Enabled: 1
  m_EditorHideFlags: 0
  m_Script: {fileID: 11500000, guid: 9c1bfcd0f0fa7b8468f281d6bbbaf320, type: 3}
  m_Name: LensDistortion
  m_EditorClassIdentifier: 
  active: 1
  m_AdvancedMode: 0
  intensity:
    m_OverrideState: 1
    m_Value: 0
    min: -1
    max: 1
  xMultiplier:
    m_OverrideState: 1
    m_Value: 1
    min: 0
    max: 1
  yMultiplier:
    m_OverrideState: 1
    m_Value: 1
    min: 0
    max: 1
  center:
    m_OverrideState: 1
    m_Value: {x: 0.5, y: 0.5}
  scale:
    m_OverrideState: 1
    m_Value: 1
    min: 0.01
    max: 5
--- !u!114 &11400000
MonoBehaviour:
  m_ObjectHideFlags: 0
  m_CorrespondingSourceObject: {fileID: 0}
  m_PrefabInstance: {fileID: 0}
  m_PrefabAsset: {fileID: 0}
  m_GameObject: {fileID: 0}
  m_Enabled: 1
  m_EditorHideFlags: 0
  m_Script: {fileID: 11500000, guid: d7fd9488000d3734a9e00ee676215985, type: 3}
  m_Name: PP_Default
  m_EditorClassIdentifier: 
  components:
  - {fileID: 8711377374188185572}
  - {fileID: 6640133647794636954}
  - {fileID: 396278178000043239}
  - {fileID: -1745276830882559552}
  - {fileID: -6459008941609878576}
  - {fileID: 2403071341024176739}
  - {fileID: 4085106502486900213}
  - {fileID: 107916769210117964}
  - {fileID: 5351265214242179259}
  - {fileID: 8477116544243403983}
  - {fileID: -8784432373627524219}
--- !u!114 &107916769210117964
MonoBehaviour:
  m_ObjectHideFlags: 3
  m_CorrespondingSourceObject: {fileID: 0}
  m_PrefabInstance: {fileID: 0}
  m_PrefabAsset: {fileID: 0}
  m_GameObject: {fileID: 0}
  m_Enabled: 1
  m_EditorHideFlags: 0
  m_Script: {fileID: 11500000, guid: 24f077503be6ae942a1e1245dbd53ea9, type: 3}
  m_Name: Bloom
  m_EditorClassIdentifier: 
  active: 1
  m_AdvancedMode: 0
  quality:
    m_OverrideState: 1
    m_Value: 1
  threshold:
    m_OverrideState: 0
    m_Value: 0
    min: 0
  intensity:
    m_OverrideState: 1
    m_Value: 0.25
    min: 0
    max: 1
  scatter:
    m_OverrideState: 1
    m_Value: 0.19
    min: 0
    max: 1
  tint:
    m_OverrideState: 0
    m_Value: {r: 1, g: 1, b: 1, a: 1}
    hdr: 0
    showAlpha: 0
    showEyeDropper: 1
  dirtTexture:
    m_OverrideState: 0
    m_Value: {fileID: 0}
  dirtIntensity:
    m_OverrideState: 0
    m_Value: 0
    min: 0
  anamorphic:
    m_OverrideState: 0
    m_Value: 1
  m_Resolution:
    m_OverrideState: 0
    m_Value: 2
  m_HighQualityFiltering:
    m_OverrideState: 0
    m_Value: 1
--- !u!114 &396278178000043239
MonoBehaviour:
  m_ObjectHideFlags: 3
  m_CorrespondingSourceObject: {fileID: 0}
  m_PrefabInstance: {fileID: 0}
  m_PrefabAsset: {fileID: 0}
  m_GameObject: {fileID: 0}
  m_Enabled: 1
  m_EditorHideFlags: 0
  m_Script: {fileID: 11500000, guid: b51a78e223a2e504bb88a059b55229ea, type: 3}
  m_Name: WhiteBalance
  m_EditorClassIdentifier: 
  active: 0
  m_AdvancedMode: 0
  temperature:
    m_OverrideState: 1
    m_Value: 0
    min: -100
    max: 100
  tint:
    m_OverrideState: 1
    m_Value: 0
    min: -100
    max: 100
--- !u!114 &2403071341024176739
MonoBehaviour:
  m_ObjectHideFlags: 3
  m_CorrespondingSourceObject: {fileID: 0}
  m_PrefabInstance: {fileID: 0}
  m_PrefabAsset: {fileID: 0}
  m_GameObject: {fileID: 0}
  m_Enabled: 1
  m_EditorHideFlags: 0
  m_Script: {fileID: 11500000, guid: 4b8bcdf71d7fafa419fca1ed162f5fc9, type: 3}
  m_Name: ColorAdjustments
  m_EditorClassIdentifier: 
  active: 1
  m_AdvancedMode: 0
  postExposure:
    m_OverrideState: 0
    m_Value: 0
  contrast:
    m_OverrideState: 1
    m_Value: 0
    min: -100
    max: 100
  colorFilter:
    m_OverrideState: 1
    m_Value: {r: 1, g: 1, b: 1, a: 1}
    hdr: 1
    showAlpha: 0
    showEyeDropper: 1
  hueShift:
    m_OverrideState: 0
    m_Value: 180
    min: -180
    max: 180
  saturation:
    m_OverrideState: 1
    m_Value: 0
    min: -100
    max: 100
--- !u!114 &4085106502486900213
MonoBehaviour:
  m_ObjectHideFlags: 3
  m_CorrespondingSourceObject: {fileID: 0}
  m_PrefabInstance: {fileID: 0}
  m_PrefabAsset: {fileID: 0}
  m_GameObject: {fileID: 0}
  m_Enabled: 1
  m_EditorHideFlags: 0
  m_Script: {fileID: 11500000, guid: 9e6b5bed93efac04baae6e52a38d0dd1, type: 3}
  m_Name: Glitch
  m_EditorClassIdentifier: 
  active: 1
  m_AdvancedMode: 0
  block:
    m_OverrideState: 0
    m_Value: 0
    min: 0
    max: 1
  drift:
    m_OverrideState: 1
    m_Value: 0
    min: 0
    max: 1
  jitter:
    m_OverrideState: 1
    m_Value: 0
    min: 0
    max: 1
  destruction:
    m_OverrideState: 1
    m_Value: 0
    min: 0
    max: 1
  jump:
    m_OverrideState: 0
    m_Value: 0
    min: 0
    max: 1
  shake:
    m_OverrideState: 1
    m_Value: 0
    min: 0
    max: 1
  roots:
    m_OverrideState: 0
    m_Value: 0
    min: 0
    max: 1
--- !u!114 &5351265214242179259
MonoBehaviour:
  m_ObjectHideFlags: 3
  m_CorrespondingSourceObject: {fileID: 0}
  m_PrefabInstance: {fileID: 0}
  m_PrefabAsset: {fileID: 0}
  m_GameObject: {fileID: 0}
  m_Enabled: 1
  m_EditorHideFlags: 0
  m_Script: {fileID: 11500000, guid: da5ab44aadfb1804db5fd470983ac1b8, type: 3}
  m_Name: LiftGammaGain
  m_EditorClassIdentifier: 
  active: 0
  m_AdvancedMode: 0
  lift:
    m_OverrideState: 0
    m_Value: {x: 1, y: 1, z: 1, w: 0.07411983}
  gamma:
    m_OverrideState: 0
    m_Value: {x: 1, y: 1, z: 1, w: 0.07411982}
  gain:
    m_OverrideState: 0
    m_Value: {x: 1, y: 1, z: 1, w: -0.012970817}
--- !u!114 &6640133647794636954
MonoBehaviour:
  m_ObjectHideFlags: 3
  m_CorrespondingSourceObject: {fileID: 0}
  m_PrefabInstance: {fileID: 0}
  m_PrefabAsset: {fileID: 0}
  m_GameObject: {fileID: 0}
  m_Enabled: 1
  m_EditorHideFlags: 0
  m_Script: {fileID: 11500000, guid: 2d08ce26990eb1a4a9177b860541e702, type: 3}
  m_Name: Exposure
  m_EditorClassIdentifier: 
  active: 1
  m_AdvancedMode: 0
  mode:
    m_OverrideState: 1
    m_Value: 1
  meteringMode:
    m_OverrideState: 0
    m_Value: 2
  luminanceSource:
    m_OverrideState: 0
    m_Value: 1
  fixedExposure:
    m_OverrideState: 1
    m_Value: -9
  compensation:
    m_OverrideState: 1
    m_Value: 0
  limitMin:
    m_OverrideState: 1
    m_Value: -10
  limitMax:
    m_OverrideState: 1
    m_Value: 8.5
  curveMap:
    m_OverrideState: 0
    m_Value:
      serializedVersion: 2
      m_Curve:
      - serializedVersion: 3
        time: -10
        value: -10
        inSlope: 0
        outSlope: 1
        tangentMode: 0
        weightedMode: 0
        inWeight: 0
        outWeight: 0
      - serializedVersion: 3
        time: 20
        value: 20
        inSlope: 1
        outSlope: 0
        tangentMode: 0
        weightedMode: 0
        inWeight: 0
        outWeight: 0
      m_PreInfinity: 2
      m_PostInfinity: 2
      m_RotationOrder: 4
  adaptationMode:
    m_OverrideState: 1
    m_Value: 0
  adaptationSpeedDarkToLight:
    m_OverrideState: 0
    m_Value: 3
    min: 0.001
  adaptationSpeedLightToDark:
    m_OverrideState: 0
    m_Value: 1
    min: 0.001
--- !u!114 &8477116544243403983
MonoBehaviour:
  m_ObjectHideFlags: 3
  m_CorrespondingSourceObject: {fileID: 0}
  m_PrefabInstance: {fileID: 0}
  m_PrefabAsset: {fileID: 0}
  m_GameObject: {fileID: 0}
  m_Enabled: 1
  m_EditorHideFlags: 0
  m_Script: {fileID: 11500000, guid: aaa3b8214f75b354e9ba2caadd022259, type: 3}
  m_Name: DepthOfField
  m_EditorClassIdentifier: 
  active: 0
  m_AdvancedMode: 0
  quality:
    m_OverrideState: 1
    m_Value: 2
  focusMode:
    m_OverrideState: 1
    m_Value: 1
  focusDistance:
    m_OverrideState: 1
    m_Value: 0.75
    min: 0.1
  nearFocusStart:
    m_OverrideState: 0
    m_Value: 0
    min: 0
  nearFocusEnd:
    m_OverrideState: 0
    m_Value: 4
    min: 0
  farFocusStart:
    m_OverrideState: 0
    m_Value: 10
    min: 0
  farFocusEnd:
    m_OverrideState: 0
    m_Value: 20
    min: 0
  m_NearSampleCount:
    m_OverrideState: 0
    m_Value: 5
    min: 3
    max: 8
  m_NearMaxBlur:
    m_OverrideState: 0
    m_Value: 4
    min: 0
    max: 8
  m_FarSampleCount:
    m_OverrideState: 0
    m_Value: 7
    min: 3
    max: 16
  m_FarMaxBlur:
    m_OverrideState: 0
    m_Value: 8
    min: 0
    max: 16
  m_HighQualityFiltering:
    m_OverrideState: 0
    m_Value: 1
  m_Resolution:
    m_OverrideState: 0
    m_Value: 2
--- !u!114 &8711377374188185572
MonoBehaviour:
  m_ObjectHideFlags: 3
  m_CorrespondingSourceObject: {fileID: 0}
  m_PrefabInstance: {fileID: 0}
  m_PrefabAsset: {fileID: 0}
  m_GameObject: {fileID: 0}
  m_Enabled: 1
  m_EditorHideFlags: 0
  m_Script: {fileID: 11500000, guid: 2c1be1b6c95cd2e41b27903b9270817f, type: 3}
  m_Name: Vignette
  m_EditorClassIdentifier: 
  active: 1
  m_AdvancedMode: 0
  mode:
    m_OverrideState: 1
    m_Value: 0
  color:
    m_OverrideState: 0
    m_Value: {r: 0, g: 0, b: 0, a: 1}
    hdr: 0
    showAlpha: 0
    showEyeDropper: 1
  center:
    m_OverrideState: 0
    m_Value: {x: 0.5, y: 0.5}
  intensity:
    m_OverrideState: 1
    m_Value: 0
    min: 0
    max: 1
  smoothness:
    m_OverrideState: 1
    m_Value: 1
    min: 0.01
    max: 1
  roundness:
    m_OverrideState: 1
    m_Value: 0.9
    min: 0
    max: 1
  rounded:
    m_OverrideState: 0
    m_Value: 1
  mask:
    m_OverrideState: 0
    m_Value: {fileID: 0}
  opacity:
    m_OverrideState: 0
    m_Value: 1
    min: 0
    max: 1
